<record><leader>00000cas a22000007i 4500</leader><controlfield tag="001">862979281</controlfield><controlfield tag="006">m     o  d        </controlfield><controlfield tag="007">cr |n|000|||||</controlfield><controlfield tag="008">860910d18491872lauwr neo     0   a0eng  </controlfield><datafield ind1=" " ind2=" " tag="010"><subfield code="a">  2013272165</subfield></datafield><datafield ind1=" " ind2=" " tag="040"><subfield code="a">Nz</subfield><subfield code="b">eng</subfield><subfield code="e">rda</subfield><subfield code="c">Z5A</subfield><subfield code="d">DLC</subfield><subfield code="d">OCLCF</subfield></datafield><datafield ind1="0" ind2=" " tag="022"><subfield code="a">2332-5410</subfield><subfield code="2">1</subfield></datafield><datafield ind1="0" ind2=" " tag="029"><subfield code="a">NZ1</subfield><subfield code="b">15127588</subfield></datafield><datafield ind1="0" ind2=" " tag="041"><subfield code="a">eng</subfield><subfield code="a">fre</subfield></datafield><datafield ind1=" " ind2=" " tag="042"><subfield code="a">msc</subfield><subfield code="a">nsdp</subfield></datafield><datafield ind1=" " ind2=" " tag="043"><subfield code="a">n-us-la</subfield></datafield><datafield ind1="1" ind2="0" tag="050"><subfield code="a">ISSN RECORD</subfield></datafield><datafield ind1="0" ind2="0" tag="082"><subfield code="a">071</subfield><subfield code="2">1</subfield></datafield><datafield ind1="0" ind2=" " tag="130"><subfield code="a">Planter's banner (Franklin, La. : 1849 : Online)</subfield></datafield><datafield ind1=" " ind2="4" tag="222"><subfield code="a">The planter's banner</subfield><subfield code="b">(Franklin, La. 1849. Online)</subfield></datafield><datafield ind1="0" ind2="4" tag="245"><subfield code="a">The planters' banner.</subfield></datafield><datafield ind1=" " ind2="1" tag="264"><subfield code="a">Franklin, Attakapas Co., Lou. :</subfield><subfield code="b">Daniel Dennett,</subfield><subfield code="c">1849-</subfield></datafield><datafield ind1=" " ind2=" " tag="300"><subfield code="a">1 online resource</subfield></datafield><datafield ind1=" " ind2=" " tag="310"><subfield code="a">Weekly</subfield></datafield><datafield ind1=" " ind2=" " tag="336"><subfield code="a">text</subfield><subfield code="b">txt</subfield><subfield code="2">rdacontent</subfield></datafield><datafield ind1=" " ind2=" " tag="337"><subfield code="a">computer</subfield><subfield code="b">c</subfield><subfield code="2">rdamedia</subfield></datafield><datafield ind1=" " ind2=" " tag="338"><subfield code="a">online resource</subfield><subfield code="b">cr</subfield><subfield code="2">rdacarrier</subfield></datafield><datafield ind1="1" ind2=" " tag="362"><subfield code="a">Began with vol. XIV, no. 1 (January 5 [i.e. 4] 1849). Ceased Apr. 17, 1872?</subfield></datafield><datafield ind1=" " ind2=" " tag="500"><subfield code="a">Feb. 5 and Mar. 30, 1863 extras printed on wallpaper.</subfield></datafield><datafield ind1=" " ind2=" " tag="500"><subfield code="a">Published in New Iberia, Mar. 29, 1871-1872.</subfield></datafield><datafield ind1=" " ind2=" " tag="500"><subfield code="a">"Official journal of the parish of St. Mary, Attakapas, Louisiana.".</subfield></datafield><datafield ind1=" " ind2=" " tag="546"><subfield code="a">With legal notices in French, 1849-&lt;Dec. 28, 1867&gt;.</subfield></datafield><datafield ind1=" " ind2=" " tag="588"><subfield code="a">Description based on: Vol. XIV, no. 1 (January 5 [i.e. 4] 1849); title from masthead (Chroniclingamerica.loc.gov, viewed December 4, 2013).</subfield></datafield><datafield ind1=" " ind2=" " tag="588"><subfield code="a">Latest issue consulted: Vol. XXXIV, number 43 (April 17, 1872) (Chroniclingamerica.loc.gov, viewed December 4, 2013).</subfield></datafield><datafield ind1=" " ind2="0" tag="651"><subfield code="a">Franklin (La.)</subfield><subfield code="v">Newspapers.</subfield></datafield><datafield ind1=" " ind2="7" tag="655"><subfield code="a">Newspapers.</subfield><subfield code="2">fast</subfield><subfield code="0">(OCoLC)fst01423814</subfield></datafield><datafield ind1=" " ind2="7" tag="651"><subfield code="a">Louisiana</subfield><subfield code="z">Franklin.</subfield><subfield code="2">fast</subfield><subfield code="0">(OCoLC)fst01220345</subfield></datafield><datafield ind1=" " ind2=" " tag="752"><subfield code="a">United States</subfield><subfield code="b">Louisiana</subfield><subfield code="c">Saint Mary</subfield><subfield code="d">Franklin.</subfield></datafield><datafield ind1=" " ind2=" " tag="752"><subfield code="a">United States</subfield><subfield code="b">Louisiana</subfield><subfield code="c">Iberia</subfield><subfield code="d">New Iberia.</subfield></datafield><datafield ind1="0" ind2="8" tag="776"><subfield code="i">Originally issued in print:</subfield><subfield code="t">Planter's banner (Franklin, La. : 1849)</subfield><subfield code="x">2332-5402</subfield><subfield code="w">(DLC)sn 86053688</subfield><subfield code="w">(OCoLC)14202323</subfield></datafield><datafield ind1="0" ind2="0" tag="780"><subfield code="t">Planters' banner, and Louisiana agriculturist (Franklin, La. : 1842 : Online)</subfield></datafield><datafield ind1="4" ind2="0" tag="856"><subfield code="u">http://www.loc.gov/chroniclingamerica/lccn/sn86053688/issues</subfield></datafield></record>